%%% Merger Phase %%%
@article{plunge_waveforms_baker_2001,
    author = "Baker, John G. and Bruegmann, Bernd and Campanelli, Manuela and Lousto, C. O. and Takahashi, R.",
    title = "{Plunge wave forms from inspiralling binary black holes}",
    eprint = "gr-qc/0102037",
    archivePrefix = "arXiv",
    reportNumber = "AEI-2001-009",
    doi = "10.1103/PhysRevLett.87.121103",
    journal = "Phys. Rev. Lett.",
    volume = "87",
    pages = "121103",
    year = "2001"
}

%%% Current Observations %%%
@ARTICLE{2020arXiv201014529T,
       author = {{The LIGO Scientific Collaboration} and {the Virgo Collaboration} and {Abbott}, R. and others},
        title = "{Tests of General Relativity with Binary Black Holes from the second LIGO-Virgo Gravitational-Wave Transient Catalog}",
      journal = {arXiv e-prints},
     keywords = {General Relativity and Quantum Cosmology, Astrophysics - High Energy Astrophysical Phenomena},
         year = 2020,
        month = oct,
          eid = {arXiv:2010.14529},
        pages = {arXiv:2010.14529},
archivePrefix = {arXiv},
       eprint = {2010.14529},
 primaryClass = {gr-qc},
       adsurl = {https://ui.adsabs.harvard.edu/abs/2020arXiv201014529T},
      adsnote = {Provided by the SAO/NASA Astrophysics Data System}
}

